@string{RustCommunity= {{Rust~Commnity}}}

@article{wilson2003broken,
  title={Broken windows: The police and neighborhood safety James Q. Wilson and George L. Kelling},
  author={Wilson, James Q},
  journal={Criminological perspectives: essential readings},
  volume={400},
  year={2003}
}
@online{rustorg,
  author = RustCommunity,
  title = {The Rust Programming Language},
  year = 2018,
  url = {https://rust-lang.org},
  urldate = {2018-08-18}
}
@online{sosurvey,
  author = {StackOverflow},
  title = {StackOverflow Developer Survey Results},
  year = 2018,
  url = {https://insights.stackoverflow.com/survey/2018/},
  urldate = {2018-08-19}
}
@online{rust3,
  author = {Aaron Turon},
  title = {Rust turns three},
  year = 2018,
  url = {https://blog.rust-lang.org/2018/05/15/Rust-turns-three.html},
  urldate = {2018-08-19}
}
@online{servo,
  author = {Mozilla},
  title = {Servo engines written in Rust deliver memory safety and multithreading},
  year = 2018,
  url = {https://research.mozilla.org/servo-engines},
  urldate = {2018-08-19}
}

